@article{voe2007temporal,
  title={Temporal Coding using the Response Properties of Spiking Neurons},
  author={Thomas Voegtlin},
}

@article{mckennoch2009spike,
  title={Spike-timing error backpropagation in theta neuron networks},
  author={McKennoch, Sam and Voegtlin, Thomas and Bushnell, Linda},
  journal={Neural computation},
  volume={21},
  number={1},
  pages={9--45},
  year={2009},
  publisher={MIT Press}
}
